@techreport{AakkoSaksa2011,
	author      = {Aakko-Saksa, P. and Koponen, P. and Kihlman, J. and Reinikainen, M. and Skytt{\"a}, E. and Rantanen-Kolehmainen, L. and Engman, A.},
	year        = {2011},
	title       = {Biogasoline options for conventional spark-ignition cars},
	institution = {VTT Technical Research Centre of Finland},
	type        = {VTT Working Papers 187},
	url         = {http://www.vtt.fi/publications/index.jsp}
}

@article{Adeniyi2018,
	author  = {Adeniyi, O. M. and Azimov, U. and Burluka, A.},
	year    = {2018},
	title   = {Algae biofuel: Current status and future applications},
	journal = {Renewable and Sustainable Energy Reviews},
	volume  = {90},
	pages   = {316--335},
	doi     = {10.1016/j.rser.2018.03.067}
}

@article{Akah2025,
	author  = {Akah, A. C. and Al-Shafei, E. and Xu, Q. and AlHerz, M. and Qureshi, Z. S. and Siddiqui, M. A. B. and Aitani, A.},
	year    = {2025},
	title   = {Article on catalytic cracking of crude oil for light olefins production},
	journal = {Chemical Engineering Journal Advances},
	volume  = {23},
	pages   = {100794},
	doi     = {10.1016/j.ceja.2025.100794}
}

@misc{AIP_n.d.,
	author = {{Australian Institute of Petroleum}},
	year   = {n.d.},
	title  = {Refining petroleum},
	url    = {https://www.aip.com.au/resources/refining-petroleum}
}

@article{Brennan2010,
	author  = {Brennan, L. and Owende, P.},
	year    = {2010},
	title   = {Biofuels from microalgaeâ€”A review of technologies for production, processing, and extractions of biofuels and co-products},
	journal = {Renewable and Sustainable Energy Reviews},
	volume  = {14},
	number  = {2},
	pages   = {557--577},
	doi     = {10.1016/j.rser.2009.10.009}
}

@misc{ChemistryIA3Draft2,
	author = {{Chemistry IA3 Draft 2}},
	year   = {n.d.},
	title  = {Chemistry IA3 Draft 2: Draft document on fuel types, algae production, and research questions},
	note   = {Unpublished manuscript}
}

@misc{EnergyEducation_n.d.,
	author = {{Energy Education}},
	year   = {n.d.},
	title  = {Oil formation},
	url    = {https://energyeducation.ca/encyclopedia/Oil_formation}
}

@article{Ge2022,
	author  = {Ge, S. and Ganesan, R. and Sekar, M. and Xia, C. and Shanmugam, S. and Alsehli, M. and Brindhadevi, K.},
	year    = {2022},
	title   = {Blending and emission characteristics of biogasoline produced using CaO/SBA-15 catalyst by cracking used cooking oil},
	journal = {Fuel},
	volume  = {307},
	pages   = {121861},
	doi     = {10.1016/j.fuel.2021.121861}
}

@misc{IEABioenergy_n.d.,
	author = {{International Energy Agency Bioenergy}},
	year   = {n.d.},
	title  = {Bio-oil},
	url    = {https://task34.ieabioenergy.com/bio-oil}
}

@article{JBBR2024,
	author  = {{Journal of Biotechnology and Bioengineering Research}},
	year    = {2024},
	title   = {Content on algae drying and purification for biofuel production},
	journal = {Journal of Biotechnology and Bioengineering Research},
	volume  = {11},
	number  = {1},
	pages   = {29--31}
}

@misc{LumenLearning_n.d.,
	author = {{Lumen Learning}},
	year   = {n.d.},
	title  = {Fatty acids},
	url    = {https://courses.lumenlearning.com/suny-nutrition/chapter/2-32-fatty-acids}
}

@misc{NSWGov_n.d.,
	author = {{NSW Government}},
	year   = {n.d.},
	title  = {E10 and the environment},
	url    = {https://www.nsw.gov.au/driving-boating-and-transport/e10-fuel/e10-and-environment},
	note   = {Accessed: 2025-08-14}
}

@article{Sun2011,
	author  = {Sun, A. and Davis, R. and Starbuck, M. and Ben-Amotz, A. and Pate, R. and Pienkos, P. T.},
	year    = {2011},
	title   = {Comparative cost analysis of algal oil production for biofuels},
	journal = {Energy},
	volume  = {36},
	pages   = {5169--5179},
	doi     = {10.1016/j.energy.2011.06.020}
}

@misc{USDA_n.d.,
	author = {{U.S. Department of Agriculture}},
	year   = {n.d.},
	title  = {What is pyrolysis?},
	url    = {https://www.ars.usda.gov/northeast-area/wyndmoor-pa/eastern-regional-research-center/docs/biomass-pyrolysis-research-1/what-is-pyrolysis}
}

@misc{USEIA_n.d.,
	author = {{U.S. Energy Information Administration}},
	year   = {n.d.},
	title  = {Where our oil comes from},
	url    = {https://www.eia.gov/energyexplained/oil-and-petroleum-products/where-our-oil-comes-from-in-depth.php}
}

@article{Wang2014,
	author  = {Wang, S. and Cai, Q. and Wang, X. and Zhang, L. and Wang, Y. and Luo, Z.},
	year    = {2014},
	title   = {Biogasoline production by co-cracking of model compound mixture of bio-oil and ethanol over HSZM-5},
	journal = {Chinese Journal of Catalysis},
	volume  = {35},
	pages   = {709--722},
	doi     = {10.1016/S1872-2067(14)60046-2}
}

@article{Yasar2018,
	author  = {Ya{\c{s}}ar, F.},
	year    = {2018},
	title   = {Evaluation and advantages of algae as an energy source},
	journal = {Journal of the Turkish Chemical Society Section A: Chemistry},
	volume  = {5},
	number  = {3},
	pages   = {1309--1318},
	doi     = {10.18596/jotcsa.449250}
}
