@online{NernstEquationCite,
	author = {LibreTexts},
	title = {Nernst Equation},
	url = {\url{https://chem.libretexts.org/Bookshelves/Analytical_Chemistry/Supplemental_Modules_(Analytical_Chemistry)/Electrochemistry/Nernst_Equation}},
	urldate = {2025-06-08}
}

@online{StandardElectrodePotentialsCite,
	author = {LibreTexts},
	title = {6.2: Standard Electrode Potentials},
	url = {\url{https://chem.libretexts.org/Courses/Mount_Royal_University/Chem_1202/Unit_6%3A_Electrochemistry/6.2%3A_Standard_Electrode_Potentials}},
	urldate = {2025-06-08}
}

@online{UCSBPhysicsCite,
	author = {University of California, Santa Barbara Physics},
	title = {Electrochemistry Demonstration},
	url = {\url{https://web.physics.ucsb.edu/~lecturedemonstrations/Composer/Pages/64.03.html}},
	urldate = {2025-06-08}
}
@online{GalvanicCellsCite,
	author = {LibreTexts},
	title = {Galvanic Cells},
	url = {\url{https://chem.libretexts.org/Bookshelves/Analytical_Chemistry/Supplemental_Modules_(Analytical_Chemistry)/Electrochemistry/Basics_of_Electrochemistry/Galvanic_Cells}},
	urldate = {2025-06-08}
}
