@misc{science_2022_ck12foundation,
  author = {Science, Ck12},
  month = {08},
  title = {CK12-Foundation},
  url = {https://flexbooks.ck12.org/cbook/ck-12-physics-flexbook-2.0/section/4.1/primary/lesson/gravitational-force-and-inclined-plane-phys/},
  year = {2022},
  organization = {flexbooks.ck12.org}
}

@misc{byjus_2023_inclined,
  author = {Byju's},
  title = {Inclined Plane – Forces Acting on an Inclined Plane, Solved Problems},
  url = {https://byjus.com/physics/acceleration-inclined-plane/},
  year = {2023},
  organization = {BYJUS}
}

@misc{a52,
  title = {5.2 Newton’s First Law | University Physics Volume 1},
  url = {https://courses.lumenlearning.com/suny-osuniversityphysics/chapter/5-2-newtons-first-law/},
  organization = {courses.lumenlearning.com}
}

@book{encyclopediabritannica_2023_newtons,
  author = {Encyclopedia Britannica},
  month = {03},
  title = {Newton’s Laws of Motion},
  url = {https://www.britannica.com/science/Newtons-laws-of-motion},
  year = {2023},
  organization = {Encyclopedia Britannica}
}

@misc{propagation,
  title = {Propagation of Uncertainties},
  url = {https://www.mso.anu.edu.au/pfrancis/labskills/uncertainties/Propagation_Equations.pdf}
}

@misc{a2008_propagation,
  title = {Propagation of Error},
  url = {https://academics.hamilton.edu/physics/smajor/courses/195Guides/phys190_uncertainties_II.pdf},
  year = {2008}
}