https://earthguide.ucsd.edu/eoc/special_topics/teach/sp_climate_change/p_sunlight_parallel.html
