@misc{yasuda_2024_why,
  author = {Yasuda, Memorie },
  title = {Why the Earth receives parallel rays of light from the Sun - Earthguide Online Classroom},
  url = {https://earthguide.ucsd.edu/eoc/special_topics/teach/sp_climate_change/p_sunlight_parallel.html},
  urldate = {2024-11-20},
  year = {2024},
  organization = {Ucsd.edu}
}